<record><leader>00000cas a2200000 a 4500</leader><controlfield tag="001">11721919</controlfield><controlfield tag="008">850222d18881889ksuwr ne      0   a0eng d</controlfield><datafield ind1=" " ind2=" " tag="010"><subfield code="a">sn 85030960 </subfield></datafield><datafield ind1=" " ind2=" " tag="040"><subfield code="a">KSH</subfield><subfield code="b">eng</subfield><subfield code="c">KSH</subfield><subfield code="d">NPT</subfield><subfield code="d">OCL</subfield><subfield code="d">OCLCQ</subfield></datafield><datafield ind1=" " ind2=" " tag="042"><subfield code="a">msc</subfield></datafield><datafield ind1="0" ind2=" " tag="130"><subfield code="a">Logan County republican (Russell Springs, Kan. : 1888)</subfield></datafield><datafield ind1="1" ind2="0" tag="245"><subfield code="a">Logan County republican.</subfield></datafield><datafield ind1=" " ind2=" " tag="260"><subfield code="a">Russell Springs, Kan. :</subfield><subfield code="b">J.K. Hupp,</subfield><subfield code="c">1888-1889.</subfield></datafield><datafield ind1=" " ind2=" " tag="300"><subfield code="a">1 v. :</subfield><subfield code="b">ill. (chiefly advertisements) ;</subfield><subfield code="c">50 cm.</subfield></datafield><datafield ind1=" " ind2=" " tag="310"><subfield code="a">Weekly</subfield></datafield><datafield ind1="0" ind2=" " tag="362"><subfield code="a">Vol. 2, no. 12 (Mar. 8, 1888)-v. 3, no. 11 (Feb. 28, 1889).</subfield></datafield><datafield ind1=" " ind2=" " tag="500"><subfield code="a">Published by Hupp &amp; Bickell, Feb. 14-28, 1889.</subfield></datafield><datafield ind1=" " ind2=" " tag="752"><subfield code="a">United States</subfield><subfield code="b">Kansas</subfield><subfield code="c">Logan</subfield><subfield code="d">Russell Springs.</subfield></datafield><datafield ind1="0" ind2="0" tag="780"><subfield code="t">Logan County times</subfield><subfield code="w">(DLC)sn 85030956</subfield></datafield><datafield ind1="0" ind2="7" tag="785"><subfield code="t">Logan County leader</subfield><subfield code="w">(DLC)sn 85030961</subfield></datafield><datafield ind1="0" ind2="7" tag="785"><subfield code="t">Logan County republican and Logan County leader</subfield><subfield code="w">(DLC)sn 85030963</subfield></datafield></record>